@inproceedings{manco2017my,
  title={My VM is Lighter (and Safer) than your Container},
  author={Manco, Filipe and Lupu, Costin and Schmidt, Florian and Mendes, Jose and Kuenzer, Simon and Sati, Sumit and Yasukata, Kenichi and Raiciu, Costin and Huici, Felipe},
  booktitle={Proceedings of the 26th Symposium on Operating Systems Principles},
  pages={218--233},
  year={2017}
}

@misc{docker,
  title={What is a Container?},
  howpublished={\url{https://www.docker.com/resources/what-container}},
  note={Accessed: 2020-02-24}
}

@inproceedings{dua2014virtualization,
  title={Virtualization vs containerization to support paas},
  author={Dua, Rajdeep and Raja, A Reddy and Kakadia, Dharmesh},
  booktitle={2014 IEEE International Conference on Cloud Engineering},
  pages={610--614},
  year={2014},
  organization={IEEE}
}

@inproceedings{oakes2018sock,
  title={$\{$SOCK$\}$: Rapid task provisioning with serverless-optimized containers},
  author={Oakes, Edward and Yang, Leon and Zhou, Dennis and Houck, Kevin and Harter, Tyler and Arpaci-Dusseau, Andrea and Arpaci-Dusseau, Remzi},
  booktitle={2018 $\{$USENIX$\}$ Annual Technical Conference ($\{$USENIX$\}$$\{$ATC$\}$ 18)},
  pages={57--70},
  year={2018}
}
